<record><leader>00000cas a22000007a 4500</leader><controlfield tag="001">12573981</controlfield><controlfield tag="008">850919c19049999iaudn ne      0   a0eng d</controlfield><datafield ind1=" " ind2=" " tag="010"><subfield code="a">sn 85049781 </subfield></datafield><datafield ind1=" " ind2=" " tag="040"><subfield code="a">INP</subfield><subfield code="b">eng</subfield><subfield code="c">INP</subfield><subfield code="d">NSD</subfield><subfield code="d">INP</subfield><subfield code="d">OCLCQ</subfield></datafield><datafield ind1=" " ind2=" " tag="012"><subfield code="m">1</subfield></datafield><datafield ind1="1" ind2=" " tag="022"><subfield code="a">1040-1539</subfield><subfield code="l">1040-1539</subfield><subfield code="2">1</subfield></datafield><datafield ind1="1" ind2=" " tag="029"><subfield code="a">AU@</subfield><subfield code="b">000025784818</subfield></datafield><datafield ind1="1" ind2=" " tag="029"><subfield code="a">NZ1</subfield><subfield code="b">16068759</subfield></datafield><datafield ind1=" " ind2=" " tag="032"><subfield code="a">390120</subfield><subfield code="b">USPS</subfield></datafield><datafield ind1=" " ind2=" " tag="037"><subfield code="b">Newton Daily News, P.O. Box 967, Newton, IA 50208</subfield></datafield><datafield ind1=" " ind2=" " tag="042"><subfield code="a">msc</subfield><subfield code="a">nsdp</subfield></datafield><datafield ind1=" " ind2="4" tag="222"><subfield code="a">The Newton daily news</subfield></datafield><datafield ind1="0" ind2="4" tag="245"><subfield code="a">The Newton daily news.</subfield></datafield><datafield ind1=" " ind2=" " tag="260"><subfield code="a">Newton, Iowa :</subfield><subfield code="b">Frank L. Boyden,</subfield><subfield code="c">1904-</subfield></datafield><datafield ind1=" " ind2=" " tag="300"><subfield code="a">v. :</subfield><subfield code="b">ill.</subfield></datafield><datafield ind1=" " ind2=" " tag="310"><subfield code="a">Daily (except weekends and holidays),</subfield><subfield code="b">&lt;July 20, 1988-&gt;</subfield></datafield><datafield ind1=" " ind2=" " tag="321"><subfield code="a">Daily (except Sunday)</subfield></datafield><datafield ind1="0" ind2=" " tag="362"><subfield code="a">Vol. 4, no. 60 (Jan. 28, 1904)-</subfield></datafield><datafield ind1=" " ind2=" " tag="500"><subfield code="a">Special "Souvenir edition" published Sept. 18, 1956.</subfield></datafield><datafield ind1=" " ind2=" " tag="500"><subfield code="a">Special "Centennial edition" published as 56th year, no. 85 (Aug. 10, 1957).</subfield></datafield><datafield ind1=" " ind2=" " tag="500"><subfield code="a">Special "Progress edition" published as 63rd year, no. 213 (Jan. 29, 1965).</subfield></datafield><datafield ind1=" " ind2=" " tag="500"><subfield code="a">Originally edited by: Frank L. Boyden.</subfield></datafield><datafield ind1=" " ind2=" " tag="588"><subfield code="a">Latest issue consulted: 87th year, no. 56 (July 20, 1988).</subfield></datafield><datafield ind1=" " ind2=" " tag="752"><subfield code="a">United States</subfield><subfield code="b">Iowa</subfield><subfield code="c">Jasper</subfield><subfield code="d">Newton.</subfield></datafield><datafield ind1="0" ind2="0" tag="780"><subfield code="t">Newton news</subfield><subfield code="w">(DLC)sn 85049780</subfield></datafield><datafield ind1="0" ind2="5" tag="780"><subfield code="t">Newton journal (Newton, Iowa)</subfield><subfield code="w">(DLC)sn 84027320</subfield><subfield code="g">May 1913</subfield></datafield><datafield ind1="0" ind2="5" tag="780"><subfield code="t">Newton herald</subfield><subfield code="w">(DLC)sn 85050898</subfield></datafield><datafield ind1="0" ind2="5" tag="780"><subfield code="t">Newton daily journal (Newton, Iowa)</subfield><subfield code="w">(DLC)sn 85050899</subfield></datafield></record>